@article{BT.500-14,
  title={500-14 (10/2019): Methodologies for the Subjective Assessment of the Quality of Television Images},
  author={ITU-R},
  journal={ITU: Geneva, Switzerland},
  year={2020}
}

@misc{netflix-1080p,
  author = {truedread and others},
  title = {{netflix-1080p: Chrome extension to play Netflix in 1080p and 5.1}},
  year = {2021},
  publisher = {GitHub},
  journal = {GitHub repository},
  howpublished = {\url{https://github.com/truedread/netflix-1080p}},
}

@article{P.800,
  title={P.800.1 (07/16): Mean opinion score (MOS) terminology},
  author={ITUT},
  journal={ITU: Geneva, Switzerland},
  year={2016}
}
@article{P.1230,
  title={P.1230 (10/17): Parametric bitstream-based quality assessment of progressive download and adaptive audiovisual streaming services over reliable transport},
  author={ITU-T},
  journal={ITU: Geneva, Switzerland},
  year={2017}
}
@article{ecological1,
  title={What is ecological validity? A dimensional analysis},
  author={Schmuckler, Mark A},
  journal={Infancy},
  volume={2},
  number={4},
  pages={419--436},
  year={2001},
  publisher={Wiley Online Library}
}
@INPROCEEDINGS{ecological2,
  author={Pérez, Pablo and González-Sosa, Ester and Kachach, Redouane and Pereira, Francisco and Villegas, Álvaro},
  booktitle={2021 IEEE International Conference on Artificial Intelligence and Virtual Reality (AIVR)}, 
  title={Ecological Validity through Gamification: an Experiment with a Mixed Reality Escape Room}, 
  year={2021},
  volume={},
  number={},
  pages={179-183},
  doi={10.1109/AIVR52153.2021.00040}}

@inproceedings{ecological3,
  title={On the experimental biases in user behavior and QoE assessment in the lab},
  author={Robitza, Werner and Kara, P{\'e}ter A and Martini, Maria G and Raake, Alexander},
  booktitle={2016 IEEE Globecom Workshops (GC Wkshps)},
  pages={1--6},
  year={2016},
  organization={IEEE}
}

@INPROCEEDINGS{9123148,  
author={Robitza, Werner and Dethof, Alexander M. and Göring, Steve and Raake, Alexander and Beyer, André and Polzehl, Tim},  
booktitle={2020 Twelfth International Conference on Quality of Multimedia Experience (QoMEX)},   
title={Are You Still Watching? Streaming Video Quality and Engagement Assessment in the Crowd},   
year={2020},  
volume={},  
number={},  
pages={1-6},  
doi={10.1109/QoMEX48832.2020.9123148}
}

@article{website_views_Nov2021,
  title={Most popular websites worldwide as of November 2021, by total visits (in billions)[Graph]},
  author={Analytics, Verto},
  journal={Statista. Retrieved from https://www.statista.com/statistics/1201880/most-visited-websites-worldwide/},
  year={2022}
}

@INPROCEEDINGS{VMAF_corr1,
  author={Rassool, Reza},
  booktitle={2017 IEEE International Symposium on Broadband Multimedia Systems and Broadcasting (BMSB)}, 
  title={VMAF reproducibility: Validating a perceptual practical video quality metric}, 
  year={2017},
  volume={},
  number={},
  pages={1-2},
  doi={10.1109/BMSB.2017.7986143}
 }

@article{VMAF_corr2,
author = {García, Boni and López-Fernández, Luis and Gortázar, Francisco and Gallego, Micael},
year = {2019},
month = {07},
pages = {854},
title = {Practical Evaluation of VMAF Perceptual Video Quality for WebRTC Applications},
volume = {8},
journal = {Electronics},
doi = {10.3390/electronics8080854}
}

@article{VMAF_corr3,
	doi = {10.2352/issn.2470-1173.2020.11.hvei-068},
	url = {https://doi.org/10.2352%2Fissn.2470-1173.2020.11.hvei-068},
	year = 2020,
	month = {01},
	publisher = {Society for Imaging Science {\&} Technology},
	volume = {32},
	number = {11},
	pages = {68--1--68--6},
	author = {Sophia Batsi and Lisimachos P. Kondi},
	title = {Improved Temporal Pooling for Perceptual Video Quality Assessment Using {VMAF}},
	journal = {Electronic Imaging}
}
@INPROCEEDINGS{VMAF_corr4,
  author={Nandakumar, Deepthi and Wu, Yongjun and Wei, Hai and Ten-Ami, Avisar},
  booktitle={2019 IEEE 21st International Workshop on Multimedia Signal Processing (MMSP)}, 
  title={On the accuracy of video quality measurement techniques}, 
  year={2019},
  volume={},
  number={},
  pages={1-6},
  doi={10.1109/MMSP.2019.8901796}}

@article{VMAF_corr5,
  title={Assessment of qoe for video and audio in webrtc applications using full-reference models},
  author={Garc{\'i}a, Boni and Gort{\'a}zar, Francisco and Gallego, Micael and Hines, Andrew},
  journal={Electronics},
  volume={9},
  number={3},
  pages={462},
  year={2020},
  publisher={Multidisciplinary Digital Publishing Institute}
}

@INPROCEEDINGS{behaviour1,
  author={Robitza, Werner and Kara, Peter A. and Martini, Maria G. and Raake, Alexander},
  booktitle={2016 IEEE Globecom Workshops (GC Wkshps)}, 
  title={On the Experimental Biases in User Behavior and QoE Assessment in the Lab}, 
  year={2016},
  volume={},
  number={},
  pages={1-6},
  doi={10.1109/GLOCOMW.2016.7848978}}


@INPROCEEDINGS{behaviour2,
  author={Moldovan, Christian and Wamser, Florian and Hoßfeld, Tobias},
  booktitle={2019 Eleventh International Conference on Quality of Multimedia Experience (QoMEX)}, 
  title={User Behavior and Engagement of a Mobile Video Streaming User from Crowdsourced Measurements}, 
  year={2019},
  volume={},
  number={},
  pages={1-3},
  doi={10.1109/QoMEX.2019.8743278}}
  
@ARTICLE{behaviour3,
  author={Krishnan, S. Shunmuga and Sitaraman, Ramesh K.},
  journal={IEEE/ACM Transactions on Networking}, 
  title={Video Stream Quality Impacts Viewer Behavior: Inferring Causality Using Quasi-Experimental Designs}, 
  year={2013},
  volume={21},
  number={6},
  pages={2001-2014},
  doi={10.1109/TNET.2013.2281542}}

@ARTICLE{behaviour4,
  author={Laiche F, Ben Letaifa A, Aguili T},
  journal={}, 
  title={QoE-aware traffic monitoring based on user behavior in video streaming services}, 
  year={2021},
  volume={},
  number={},
  pages={},
  doi={10.1002/cpe.6678}}
 
@INPROCEEDINGS{behaviour5,
  author={Robitza, Werner and Raake, Alexander},
  booktitle={2016 Eighth International Conference on Quality of Multimedia Experience (QoMEX)}, 
  title={(Re-)actions speak louder than words? A novel test method for tracking user behavior in web video services}, 
  year={2016},
  volume={},
  number={},
  pages={1-6},
  doi={10.1109/QoMEX.2016.7498926}}

 
